%% This BibTeX bibliography file was created using BibDesk.
%% http://bibdesk.sourceforge.net/


%% Created for Mohammed Sayagh at 2015-02-15 18:10:25 -0500 


%% Saved with string encoding Unicode (UTF-8) 



@url{tutorial,
	Date-Added = {2015-02-15 23:08:36 +0000},
	Date-Modified = {2015-02-15 23:09:02 +0000},
	Title = {http://java.dzone.com/articles/getting-hadoop-and-running}}
	
@url{book0,
	Date-Added = {2015-02-15 23:08:36 +0000},
	Date-Modified = {2015-02-15 23:09:02 +0000},
	Title = {http://www.gutenberg.org/cache/epub/4300/pg4300.txt}}
	
@url{book1,
	Date-Added = {2015-02-15 23:08:36 +0000},
	Date-Modified = {2015-02-15 23:09:02 +0000},
	Title = {http://www.gutenberg.org/cache/epub/20417/pg20417.txt}}
	
@url{book2,
	Date-Added = {2015-02-15 23:08:36 +0000},
	Date-Modified = {2015-02-15 23:09:02 +0000},
	Title = {http://www.gutenberg.org/files/20417/20417.zip}}
	
@url{book3,
	Date-Added = {2015-02-15 23:08:36 +0000},
	Date-Modified = {2015-02-15 23:09:02 +0000},
	Title = {http://www.gutenberg.org/files/132/132.zip}}
	
@url{book4,
	Date-Added = {2015-02-15 23:08:36 +0000},
	Date-Modified = {2015-02-15 23:09:02 +0000},
	Title = {http://www.gutenberg.org/dirs/etext99/advsh12.zip}}
	
@url{book5,
	Date-Added = {2015-02-15 23:08:36 +0000},
	Date-Modified = {2015-02-15 23:09:02 +0000},
	Title = {http://www.gutenberg.org/files/972/972.zip}}
	
@url{WPArchives,
	Date-Added = {2015-02-15 23:08:36 +0000},
	Date-Modified = {2015-02-15 23:09:02 +0000},
	Title = {http://lists.automattic.com/pipermail/wp-forums/}}
	
	
@url{tutorial2,
	Date-Added = {2015-02-15 23:08:36 +0000},
	Date-Modified = {2015-02-15 23:09:02 +0000},
	Title = {http://www.michael-noll.com/tutorials/running-hadoop-on-ubuntu-linux-multi-node-cluster/}}
	
	
@article{dewitt2008mapreduce,
  title={MapReduce: A major step backwards},
  author={DeWitt, David and Stonebraker, Michael},
  journal={The Database Column},
  volume={1},
  year={2008}
}

	
	
@url{limit1,
	Date-Added = {2015-02-15 23:08:36 +0000},
	Date-Modified = {2015-02-15 23:09:02 +0000},
	Title = {http://mapreduce-specifics.wikispaces.asu.edu/Applications+and+Limitations+of+MapReduce}}
	
	
@inproceedings{blanas2010comparison,
  title={A comparison of join algorithms for log processing in mapreduce},
  author={Blanas, Spyros and Patel, Jignesh M and Ercegovac, Vuk and Rao, Jun and Shekita, Eugene J and Tian, Yuanyuan},
  booktitle={Proceedings of the 2010 ACM SIGMOD International Conference on Management of data},
  pages={975--986},
  year={2010},
  organization={ACM}
}

@inproceedings{ma2010limitation,
  title={The limitation of MapReduce: A probing case and a lightweight solution},
  author={Ma, Zhiqiang and Gu, Lin},
  booktitle={CLOUD COMPUTING 2010, The First International Conference on Cloud Computing, GRIDs, and Virtualization},
  pages={68--73},
  year={2010}
}

@article{afrati2012vision,
  title={Vision paper: Towards an understanding of the limits of Map-Reduce computation},
  author={Afrati, Foto N and Sarma, Anish Das and Salihoglu, Semih and Ullman, Jeffrey D},
  journal={arXiv preprint arXiv:1204.1754},
  year={2012}
}
	